% Encoding: UTF-8


@MISC{Creators_Ballsun-Stanton_Brian1_Smith_Shannon_Michelle1_White_Karolyn1_Show_affiliations_1_Macquarie_University_Contributors_Project_members_Anson_Daniel1_Connor_Mark1_Cornish_Jennifer1_DArcens_Louise1_Kim_Jaeyoung1_Singh_Abhay1_Todd_Vanessa1_Show_affiliations_1_Macquarie_University_undated-dx,
  title  = "Macquarie University Guidance Note: Using Generative Artificial Intelligence in Research",
  keywords = {policy},
  author = "Ballsun-Stanton, Brian and Smith, Shannon and White, Karolyn",
  url    = "https://zenodo.org/records/10851623",
  doi    = "10.5281/zenodo.10851623",
  year = 2023,
    month = oct,
  keywords  = "short"
}

@MISC{Head_undated-zg,
  title        = "Use of Generative Artificial Intelligence in Undergraduate
                  Assessment",
  author       = "Head, Amanda and Ballsun-Stanton, Brian",
  url          = "https://zenodo.org/records/10916388",
  howpublished = "Zenodo",
  keywords     = "policy, short",
  year         = 2023,
  doi          = "10.5281/zenodo.10916388",
  short  = "true"
}



@ARTICLE{Coopey2023-qa,
  title   = "Archaeo-epigraphic data concerning the community of Legio {VII}
             servicemen in Dalmatia: A dataset for `fratres Romani in Dalmatia'",
  author  = "Coopey, E and Ballsun-Stanton, Brian",
  journal = "Journal of open archaeology data",
  year    =  2023,
  url     = "http://openarchaeologydata.metajnl.com/articles/10.5334/joad.93/",
  issn    = "2049-1565",
  keywords = {dataset, short},
  doi     = "10.5334/joad.93",
  
}

@ARTICLE{Sobotkova2023-ct,
  title     = "Creating large, high-quality geospatial datasets from historical
               maps using novice volunteers",
  author    = "Sobotkova, Adela and Ross, Shawn A and Nassif-Haynes, Christian
               and Ballsun-Stanton, Brian",
  journal   = "Applied geography",
  publisher = "Elsevier",
  volume    =  155,
  pages     = "102967",
  keywords     = {journal, short},
  month     =  jun,
  year      =  2023,
  url       = "https://www.sciencedirect.com/science/article/pii/S014362282300098X",
  issn      = "0143-6228",
  doi       = "10.1016/j.apgeog.2023.102967",
  
}


@article{doi:10.1080/00934690.2021.1969837,
author = {Adela Sobotkova and Shawn A. Ross and Petra Hermankova and Susan Lupack and Christian Nassif-Haynes and Brian Ballsun-Stanton and Panagiota Kasimi},
title = {Deploying an Offline, Multi-User, Mobile System for Digital Recording in the Perachora Peninsula, Greece},
journal = {Journal of Field Archaeology},
volume = {46},
number = {8},
pages = {571-594},
year  = {2021},
keywords     = {journal, short},
publisher = {Routledge},
doi = {10.1080/00934690.2021.1969837},
  
}

@Article{Svetanant2022,
  author       = {Svetanant, Chavalin and Ballsun-Stanton, Brian and Rutherford, {Attapol T.}},
  title        = {Emotional engagement in Thai and Japanese insurance advertising: corpus-based keyword analysis},
  issn         = {1749-5032},
  date         = {2022},
  journaltitle = {Corpora},
  keywords     = {journal},
  language     = {English},
  publisher    = {Edinburgh University Press},
}

@Article{Hutchinson2021,
  author       = {Hutchinson, Jade and Amarasingam, Amarnath and Scrivens, Ryan and Ballsun-Stanton, Brian},
  title        = {Mobilizing extremism online: comparing Australian and Canadian right-wing extremist groups on Facebook},
  issn         = {1943-4472},
  date         = {2021-03},
  day          = {30},
  doi          = {10.1080/19434472.2021.1903064},
  journaltitle = {Behavioral Sciences of Terrorism and Political Aggression},
  keywords     = {journal},
  language     = {English},
  publisher    = {Routledge, Taylor and Francis Group},
}

@TechReport{Ballsun-Stanton2020,
  author   = {Ballsun-Stanton, Brian and Waldek, Lise and Droogan, Julian},
  title    = {An academic examination of right wing extremism and social media in Australia: a confidential research report},
  keywords     = {report},
  date     = {2020},
  language = {English},
}

@TechReport{Waldek2020a,
  author   = {Waldek, Lise and Ballsun-Stanton, Brian and Droogan, Julian},
  title    = {Mapping networks and narratives of online right-wing extremists in New South Wales: final report},
  keywords     = {report, short},
  date     = {2020-10},
  day      = {9},
  doi      = {10.5281/ZENODO.4071472},
  language = {English},
  
}

@Article{Waldek2020,
  author       = {Waldek, Lise and Ballsun-Stanton, Brian and Droogan, Julian},
  title        = {After Christchurch: mapping online right-wing extremists},
  date         = {2020-11},
  day          = {24},
  journaltitle = {The Interpreter},
  keywords     = {newspaper},
  language     = {English},
  publisher    = {The Lowy Institute},
}

@InCollection{Ross2022,
  author    = {Ross, Shawn A and Ballsun-Stanton, Brian},
  title     = {Introducing Preregistration of Research Design to Archaeology},
  booktitle = {Digital Heritage and Archaeology in Practice},
  publisher = {University Press of Florida.},
  editor    = {Watrall, Ethan and Goldstein, Lynne},
  keywords     = {chapter, short},
  date      = {2022},
  location  = {Gainesville, FL},
  
}

@InCollection{Ross2015,
  author    = {Ross, Shawn and Ballsun-Stanton, Brian and Sobotkova, Adela and Crook, Penny},
  title     = {Building the Bazaar: Enhancing Archaeological Field Recording Through an Open Source Approach},
  booktitle = {Open Source Archaeology: Ethics and Practice},
  publisher = {De Gruyter Open},
  keywords     = {chapter},
  editor    = {Wilson, Andrew T and Edwards, Ben},
  pages     = {111--129},
  date      = {2015-01},
  location  = {Warsaw, Poland},
}

@Article{Ross2013,
  author       = {Ross, Shawn and Sobotkova, Adela and Ballsun-Stanton, Brian and Crook, Penny},
  title        = {Creating eResearch Tools For Archaeologists: The Federated Archaeological Information Management Systems Project},
  volume       = {77},
  number       = {1},
  keywords     = {journal},
  pages        = {107--119},
  date         = {2013},
  journaltitle = {Australian Archaeology},
}

@InCollection{Sobotkova2016,
  author    = {Sobotkova, Adela and Ross, Shawn A and Ballsun-Stanton, Brian and Fairbairn, Andrew and Thompson, Jessica and VanValkenburgh, Parker},
  title     = {Measure Twice, Cut Once: Cooperative Deployment of a Generalized, {Archaeology-Specific} Field Data Collection System},
  booktitle = {Mobilizing the Past for a Digital Future: The Potential of Digital Archaeology},
  publisher = {The Digital Press @ University of North Dakota},
  editor    = {Walcek Averett, Erin and Michael Gordon, Jody and Counts, Derek B},
  pages     = {337--371},
  keywords     = {chapter},
  date      = {2016},
  location  = {Grand Forks, ND},
}

@Article{Ballsun-Stanton2018,
  author       = {Ballsun-Stanton, Brian and Ross, Shawn A and Sobotkova, Adela and Crook, Penny},
  title        = {{FAIMS} Mobile: Flexible, open-source software for field research},
  volume       = {7},
  pages        = {47--52},
  issn         = {2352-7110},
  keywords     = {journal},
  date         = {2018-01},
  doi          = {10.1016/j.softx.2017.12.006},
  journaltitle = {SoftwareX},
}

@InProceedings{Sobotkova2015,
  author    = {Sobotkova, Adela and Ballsun-Stanton, Brian and Ross, Shawn and Crook, Penny},
  title     = {Arbitrary Offline Data Capture on All of Your Androids: The {FAIMS} Mobile Platform},
  booktitle = {Across Space and Time. Papers from the 41st Annual Conference of Computer Applications and Quantitative Methods in Archaeology ({{CAA}})},
  editor    = {Traviglia, Arianna},
  keywords     = {proceedings},
  pages     = {80--88},
  publisher = {Amsterdam University Press},
  date      = {2015},
  location  = {Perth},
}

@Article{VanValkenburgh2018,
  author       = {VanValkenburgh, Parker and Silva, Luiza O G and Repetti-Ludlow, Chiara and Gardner, Jake and Crook, Jackson and Ballsun-Stanton, Brian},
  title        = {Mobilization as Mediation: Implementing a {Tablet-Based} Recording System for Ceramic Classification},
  pages        = {1--15},
  date         = {2018},
  keywords     = {journal},
  doi          = {10.1017/aap.2018.12},
  journaltitle = {Advances in Archaeological Practice},
  publisher    = {Cambridge University Press},
}

@InProceedings{Ballsun-Stanton2009,
  author       = {Ballsun-Stanton, Brian and Bunker, Deborah},
  title        = {Philosophy of Data (PoD) and its Importance to the Discipline of Information Systems},
  booktitle    = {Americas Conference on Information Systems 2009},
  pages        = {Paper--435},
  keywords     = {proceedings},
  organization = {AIS},
  date         = {2009},
}

@InProceedings{Ballsun-Stanton2010a,
  author       = {Ballsun-Stanton, Brian},
  title        = {Asking about data: Experimental philosophy of information technology},
  booktitle    = {5th International conference on computer sciences and convergence information technology},
  pages        = {119--124},
  keywords     = {proceedings},
  organization = {IEEE},
  date         = {2010},
}

@InProceedings{Carruthers2010,
  author       = {Carruthers, Kate and Ballsun-Stanton, Brian},
  title        = {\# c3t an agreeable swarm: Twitter, the democratization of media \& non-localized proximity},
  booktitle    = {Computer Sciences and Convergence Information Technology (ICCIT), 2010 5th International Conference on},
  pages        = {166--169},
  keywords     = {proceedings},
  organization = {IEEE},
  date         = {2010},
}

@InProceedings{Ballsun-Stanton2010,
  author       = {Ballsun-Stanton, Brian and Carruthers, Kate},
  title        = {\# c3t the command \& control of Twitter: On a socially constructed Twitter \& applications of the Philosophy of Data},
  booktitle    = {Computer Sciences and Convergence Information Technology (ICCIT), 2010 5th International Conference on},
  pages        = {161--165},
  keywords     = {proceedings},
  organization = {IEEE},
  date         = {2010},
}



@ARTICLE{Ross2022-vb,
  title     = "{FAIRer} Data through Digital Recording: The {FAIMS} Mobile
               Experience",
  author    = "Ross, Shawn and Ballsun-Stanton, Brian and Cassidy, Steve and
               Crook, Penny and Klump, Jens and Sobotkova, Adela",
  journal   = "Journal of Computer Applications in Archaeology",
  publisher = "Ubiquity Press",
  volume    =  5,
  number    =  1,
  pages     = "271--285",
  month     =  nov,
  year      =  2022,
  language  = "en",
  issn      = "2514-8362, 2514-8362",
  doi       = "10.5334/jcaa.96",
  keywords     = {journal, short},
  
}

@ARTICLE{Ballsun-Stanton2022-vb,
  title   = "Students, Participatory Design, and Serious Games in a Response
             to: `No Algorithmization without Representation: Pilot Study on
             Regulatory Experiments in an Exploratory Sandbox'",
  author  = "Ballsun-Stanton, Brian",
  journal = "Digital Society",
  volume  =  1,
  number  =  3,
  pages   = "23",
  month   =  oct,
  year    =  2022,
  issn    = "2731-4669",
  doi     = "10.1007/s44206-022-00024-0",
  keywords     = {journal}
}

@TECHREPORT{Droogan2022-dd,
  title     = "Mapping a social media ecosystem: Outlinking on Gab \& Twitter
               amongst the Australian far-right milieu",
  author    = "Droogan, Julian and Waldek, Lise and Ballsun-Stanton, Brian and
               Hutchinson, Jade",
  publisher = "RESOLVE Network",
  month     =  sep,
  year      =  2022,
  keywords     = {report},
  doi       = "10.37805/remve2022.6"
}

@TECHREPORT{Hutchinson2022-uk,
  title     = "Violent extremist \& {REMVE} online ecosystems: Ecological
               characteristics for future research \& conceptualization",
  author    = "Hutchinson, Jade and Droogan, Julian and Waldek, Lise and
               Ballsun-Stanton, Brian",
  publisher = "RESOLVE Network",
  month     =  aug,
  year      =  2022,
  keywords     = {report},
  doi       = "10.37805/remve2022.5"
}

@MISC{Kelly2022-ld,
  title        = "Can machine learning translate ancient Egyptian texts?",
  author       = "Kelly, Bree and Ballsun-Stanton, Brian and Di Biase-Dyson,
                  Camilla and Woods, Alex",
  month        =  jun,
  year         =  2022,
  url          = "https://researchers.mq.edu.au/en/publications/can-machine-learning-translate-ancient-egyptian-texts",
  keywords     = {newspaper},
  note         = "Accessed: 2022-11-22"
}



@Comment{jabref-meta: databaseType:bibtex;}
